<?xml version="1.0" encoding="UTF-8"?><collection xmlns="http://www.loc.gov/MARC21/slim"><record><leader>00417nam--2200133-i-4500</leader><controlfield tag="001">000019593</controlfield><controlfield tag="002">20161230</controlfield><controlfield tag="005">20161230201033</controlfield><controlfield tag="008">060222s1000------------r-----000-0-eng-d</controlfield><datafield ind1=" " ind2=" " tag="100"><subfield code="a">Foreman, James K., Stockwell, Peter B</subfield></datafield><datafield ind1=" " ind2=" " tag="245"><subfield code="a">Automatic chemical analysis</subfield></datafield><datafield ind1=" " ind2=" " tag="260"><subfield code="a">New York,John Wiley, 1975. Xi + 346 P</subfield></datafield><datafield ind1=" " ind2=" " tag="490"><subfield code="a">Ellis Horwood Series In Analytical Chemistry, General  Editor:Dr.R.A.Chalmers</subfield></datafield><datafield ind1=" " ind2=" " tag="852"><subfield code="a">42975</subfield></datafield></record></collection>